
@article{Schmidt_1,
    author = {Stephan Schmidt and Volker Schulz},
    title = {Impulse Response Approximations of Discrete Shape Hessians with Application in CFD},
    journal = {SIAM Journal on Control and Optimization},
    volume = {48},
    number = {4},
    pages = {2562-2580},
    year = {2009},
    doi = {10.1137/080719844},
    
    URL = { 
        https://doi.org/10.1137/080719844
        
    },
    eprint = { 
        https://doi.org/10.1137/080719844
        
    }
    
} 


